@inproceedings{nov55
	author={Novikov, P.S.},
	year={1955},
	title={On the algorithmic unsolvability of the word problem in group theory},
	booktitle={Trudy Mat. Inst. Steklov},
	volume={44},
	pages={3-143},
	address={Moscow},
	publisher={Acad. Sci. USSR}
}

@inproceedings{ko2000
	author={Ko, K.H. and Lee, S.J, and Cheon, J.H. and Han J.W. and Kang, J. and Park, C.},
	year={2000},
	title={New Public-Key Cryptosystem Using Braid Groups},
	booktitle={Advances in Cryptology - CRYPTO 2000},
	pages={166-184},
	series={Lecture Notes in Comput. Sci.},
	publisher={Springer},
	address={Berlin},
	voume={1880}
}

@article{aag99
	author={Anshel, A. and Anshel, I. and Goldfeld, D.},
	year={1999},
	title={An algebraic method for public-key cryptography},
	journal={Math. Res. Lett.},
	volume={6},
	pages={287-291}
}

@article{su06
	author={Shpilrain, V. and Ushakov, A.},
	year={2006},
	title={The Conjugacy Search Problem in Public Key Cryptography: Unnecessary and Insufficient},
	journal={Applicable Algebra in Engineering, Communication and Computing},
	volume={17},
	pages={285-298},
	publisher={Springer-Verlag}
}

@misc{ktv14
	author={Kalka, A. and Tsaban, B. and Vinokur, G.},
	title={Complete simultaneous conjugacy invariants in Artin's braid groups},
	year={2014},
	eprint={arXiv:1403.4622}
}

