@inbook{hps14,
	author={Hoffstein, J. and Pipher, J. and Silverman, J.},
	year={2014},
	title={An Introduction to Mathematical Cryptography},
	chapter={7},
	publisher={Springer-Verlag New York}
}
@inbook{bremner12,
	author={Bremner, M.R.},
	year={2012},
	title={Lattice Basis Reduction: An Introduction to the LLL Algorithm and Its Applications},
	publisher={CRC Press}
}
@article{lll82,
	author={Lenstra, A. K. and Lenstra Jr., H. W. and Lov\'asz, L.},
	title={Factoring polynomials with rational coefficients},
	journal={Mathematische Annalen},
	year={1982},
	volume={261},
	pages={515-534}
}
@inproceedings{coppersmith96,
	author={Coppersmith, D.},
	title={Finding a small root of a univariate modular equation},
	year={1996},
	booktitle={Eurocrypt 1996: Advances in Cryptology},
	pages={155-165},
	series={Lecture Notes in Computer Science, 1070},
	publisher={Springer}
}
@booklet{galbraith18,
	author={Galbraith, S.},
	title={Mathematics of Public Key Cryptography},
	year={2018},
	chapter={19},
	url={https://www.math.auckland.ac.nz/~sgal018/crypto-book/main.pdf}
}